
    <marc:record>
        <marc:leader>01283cpc a2200301Ia 4500</marc:leader>
        <marc:controlfield tag="001">002487279</marc:controlfield>
        <marc:controlfield tag="003">OCoLC</marc:controlfield>
        <marc:controlfield tag="005">19980723174144.0</marc:controlfield>
        <marc:controlfield tag="008">980723i18621889gau                 eng d</marc:controlfield>
        <marc:datafield tag="035" ind1=" " ind2=" ">
            <marc:subfield code="a">39537448</marc:subfield>
        </marc:datafield>
        <marc:datafield tag="040" ind1=" " ind2=" ">
            <marc:subfield code="a">NDD</marc:subfield>
            <marc:subfield code="b">eng</marc:subfield>
            <marc:subfield code="e">appm</marc:subfield>
            <marc:subfield code="c">NDD</marc:subfield>
        </marc:datafield>
        <marc:datafield tag="049" ind1=" " ind2=" ">
            <marc:subfield code="a">NDHY</marc:subfield>
            <marc:subfield code="d">[</marc:subfield>
            <marc:subfield code="v">= items ]</marc:subfield>
            <marc:subfield code="v">1-2</marc:subfield>
        </marc:datafield>
        <marc:datafield tag="099" ind1=" " ind2=" ">
            <marc:subfield code="a">Sec. A</marc:subfield>
        </marc:datafield>
        <marc:datafield tag="100" ind1="1" ind2=" ">
            <marc:subfield code="a">Hansell, Augustin Harris,</marc:subfield>
            <marc:subfield code="d">1817-1906.</marc:subfield>
        </marc:datafield>
        <marc:datafield tag="245" ind1="1" ind2="0">
            <marc:subfield code="a">Papers,</marc:subfield>
            <marc:subfield code="f">1862-1889.</marc:subfield>
        </marc:datafield>
        <marc:datafield tag="300" ind1=" " ind2=" ">
            <marc:subfield code="a">2</marc:subfield>
            <marc:subfield code="f">items.</marc:subfield>
        </marc:datafield>
        <marc:datafield tag="336" ind1=" " ind2=" ">
            <marc:subfield code="a">unspecified</marc:subfield>
            <marc:subfield code="b">zzz</marc:subfield>
            <marc:subfield code="2">rdacontent</marc:subfield>
        </marc:datafield>
        <marc:datafield tag="337" ind1=" " ind2=" ">
            <marc:subfield code="a">unspecified</marc:subfield>
            <marc:subfield code="b">z</marc:subfield>
            <marc:subfield code="2">rdamedia</marc:subfield>
        </marc:datafield>
        <marc:datafield tag="338" ind1=" " ind2=" ">
            <marc:subfield code="a">unspecified</marc:subfield>
            <marc:subfield code="b">zu</marc:subfield>
            <marc:subfield code="2">rdacarrier</marc:subfield>
        </marc:datafield>
        <marc:datafield tag="500" ind1=" " ind2=" ">
            <marc:subfield code="a">Cataloged from Guide.</marc:subfield>
        </marc:datafield>
        <marc:datafield tag="545" ind1=" " ind2=" ">
            <marc:subfield code="a">Lawyer and judge of Thomasville (Thomas Co.), Ga.</marc:subfield>
        </marc:datafield>
        <marc:datafield tag="520" ind1="8" ind2=" ">
            <marc:subfield code="a">Collection contains two of Hansell's letters, one concerning Confederate recruitment and local defense in Georgia, and the other responding to a request for an autograph.</marc:subfield>
        </marc:datafield>
        <marc:datafield tag="600" ind1="1" ind2="0">
            <marc:subfield code="a">Hansell, Augustin Harris,</marc:subfield>
            <marc:subfield code="d">1817-1906.</marc:subfield>
        </marc:datafield>
        <marc:datafield tag="610" ind1="1" ind2="0">
            <marc:subfield code="a">Confederate States of America.</marc:subfield>
            <marc:subfield code="b">Army</marc:subfield>
            <marc:subfield code="x">Recruiting, enlistment, etc.</marc:subfield>
            <marc:subfield code="0">http://id.loc.gov/authorities/subjects/sh85030878</marc:subfield>
        </marc:datafield>
        <marc:datafield tag="651" ind1=" " ind2="0">
            <marc:subfield code="a">Georgia</marc:subfield>
            <marc:subfield code="x">History</marc:subfield>
            <marc:subfield code="y">Civil War, 1861-1865.</marc:subfield>
            <marc:subfield code="0">http://id.loc.gov/authorities/subjects/sh85054223</marc:subfield>
        </marc:datafield>
        <marc:datafield tag="651" ind1=" " ind2="0">
            <marc:subfield code="a">United States</marc:subfield>
            <marc:subfield code="x">History</marc:subfield>
            <marc:subfield code="y">Civil War, 1861-1865.</marc:subfield>
            <marc:subfield code="0">http://id.loc.gov/authorities/subjects/sh85140205</marc:subfield>
        </marc:datafield>
        <marc:datafield tag="905" ind1=" " ind2=" ">
            <marc:subfield code="a">MARCIVE 20190326</marc:subfield>
        </marc:datafield>
        <marc:datafield tag="905" ind1=" " ind2=" ">
            <marc:subfield code="a">MARCIVE 20200114</marc:subfield>
        </marc:datafield>
    </marc:record>