
    <marc:record>
        <marc:leader>01905cbc a2200289Ia 4500</marc:leader>
        <marc:controlfield tag="001">000857319</marc:controlfield>
        <marc:controlfield tag="005">20070622141519.0</marc:controlfield>
        <marc:controlfield tag="008">890505i18631885pau                 eng d</marc:controlfield>
        <marc:datafield tag="035" ind1=" " ind2=" ">
            <marc:subfield code="a">19657431</marc:subfield>
        </marc:datafield>
        <marc:datafield tag="040" ind1=" " ind2=" ">
            <marc:subfield code="a">NDD</marc:subfield>
            <marc:subfield code="b">eng</marc:subfield>
            <marc:subfield code="e">appm</marc:subfield>
            <marc:subfield code="c">NDD</marc:subfield>
        </marc:datafield>
        <marc:datafield tag="100" ind1="1" ind2=" ">
            <marc:subfield code="a">Hancock, Winfield Scott,</marc:subfield>
            <marc:subfield code="d">1824-1886.</marc:subfield>
            <marc:subfield code="0">http://id.loc.gov/authorities/names/n87918075</marc:subfield>
        </marc:datafield>
        <marc:datafield tag="245" ind1="1" ind2="0">
            <marc:subfield code="a">Letters,</marc:subfield>
            <marc:subfield code="f">1843-1885.</marc:subfield>
        </marc:datafield>
        <marc:datafield tag="300" ind1=" " ind2=" ">
            <marc:subfield code="a">25</marc:subfield>
            <marc:subfield code="f">items.</marc:subfield>
        </marc:datafield>
        <marc:datafield tag="336" ind1=" " ind2=" ">
            <marc:subfield code="a">text</marc:subfield>
            <marc:subfield code="b">txt</marc:subfield>
            <marc:subfield code="2">rdacontent</marc:subfield>
        </marc:datafield>
        <marc:datafield tag="337" ind1=" " ind2=" ">
            <marc:subfield code="a">unmediated</marc:subfield>
            <marc:subfield code="b">n</marc:subfield>
            <marc:subfield code="2">rdamedia</marc:subfield>
        </marc:datafield>
        <marc:datafield tag="338" ind1=" " ind2=" ">
            <marc:subfield code="a">unspecified</marc:subfield>
            <marc:subfield code="b">zu</marc:subfield>
            <marc:subfield code="2">rdacarrier</marc:subfield>
        </marc:datafield>
        <marc:datafield tag="545" ind1=" " ind2=" ">
            <marc:subfield code="a">Union Army officer, from Montgomery Co., Pa.</marc:subfield>
        </marc:datafield>
        <marc:datafield tag="520" ind1="8" ind2=" ">
            <marc:subfield code="a">Mainly copies of letters from George G. Meade to Hancock explaining why he did not engage Robert E. Lee's Confederate forces in the early fall of 1863 and announcing the promotion of Hancock and others, 1864; correspondence regarding the part played by the 56th Pennsylvania Regiment at the battle of the Wilderness; and a series of letters from Hancock to Philippe Albert d'Orleans, Comte de Paris, concerning Civil War materials. The bulk of the material dates from 1863-1885. There is one letter, dated 1843, regarding military transfer and leave procedures.</marc:subfield>
        </marc:datafield>
        <marc:datafield tag="600" ind1="1" ind2="0">
            <marc:subfield code="a">Meade, George Gordon,</marc:subfield>
            <marc:subfield code="d">1815-1872.</marc:subfield>
            <marc:subfield code="0">http://id.loc.gov/authorities/names/n85220659</marc:subfield>
        </marc:datafield>
        <marc:datafield tag="600" ind1="1" ind2="0">
            <marc:subfield code="a">Paris, Philipppe Albert d'Orleans,</marc:subfield>
            <marc:subfield code="c">comte de.</marc:subfield>
        </marc:datafield>
        <marc:datafield tag="610" ind1="1" ind2="0">
            <marc:subfield code="a">United States.</marc:subfield>
            <marc:subfield code="b">Army</marc:subfield>
            <marc:subfield code="x">Officers</marc:subfield>
            <marc:subfield code="v">Correspondence.</marc:subfield>
            <marc:subfield code="0">http://id.loc.gov/authorities/subjects/sh85140676</marc:subfield>
        </marc:datafield>
        <marc:datafield tag="610" ind1="1" ind2="0">
            <marc:subfield code="a">United States.</marc:subfield>
            <marc:subfield code="b">Army.</marc:subfield>
            <marc:subfield code="0">http://id.loc.gov/authorities/names/n79063202</marc:subfield>
            <marc:subfield code="b">Pennsylvania Infantry Regiment, 56th (1862-1865)</marc:subfield>
        </marc:datafield>
        <marc:datafield tag="650" ind1=" " ind2="0">
            <marc:subfield code="a">Wilderness, Battle of the, Va., 1864.</marc:subfield>
            <marc:subfield code="0">http://id.loc.gov/authorities/subjects/sh85146696</marc:subfield>
        </marc:datafield>
        <marc:datafield tag="651" ind1=" " ind2="0">
            <marc:subfield code="a">United States</marc:subfield>
            <marc:subfield code="x">History</marc:subfield>
            <marc:subfield code="y">Civil War, 1861-1865</marc:subfield>
            <marc:subfield code="0">http://id.loc.gov/authorities/subjects/sh85140205</marc:subfield>
            <marc:subfield code="x">Foreign public opinion, French.</marc:subfield>
        </marc:datafield>
        <marc:datafield tag="752" ind1=" " ind2=" ">
            <marc:subfield code="a">United States</marc:subfield>
            <marc:subfield code="b">Pennsylvania</marc:subfield>
            <marc:subfield code="c">Montgomery County.</marc:subfield>
        </marc:datafield>
        <marc:datafield tag="905" ind1=" " ind2=" ">
            <marc:subfield code="a">MARCIVE 20190326</marc:subfield>
        </marc:datafield>
        <marc:datafield tag="905" ind1=" " ind2=" ">
            <marc:subfield code="a">MARCIVE 20200114</marc:subfield>
        </marc:datafield>
    </marc:record>